2509 3734
989 488 992 494 ‚
1006 408 1036 478 V

199 595 286 665 cies,
323 591 419 655 dacin
456 594 583 673 nogotio
615 588 655 649 ad
691 587 863 667 marginem
894 587 1036 653 adnotari

200 724 327 805 poss'mt.

265 864 507 945 Entomologiae
536 863 718 927 Fautoribus
750 880 862 943 magna
895 877 1037 925 commu·
1092 840 1094 846 ¹

203 1001 285 1062 tatio
320 1004 353 1065 iu
384 1004 601 1083 Agonatorum
622 998 712 1062 classe
733 1009 885 1063 occurret.
931 997 1035 1073 Quae

204 1137 333 1219 quidem
356 1137 393 1199 ab
416 1136 683 1200 observationibus
709 1132 1034 1218 annotationibusqne,

203 1270 378 1336 amiciffimi
403 1271 560 1358 Daidorfii
582 1272 737 1354 originem
760 1281 794 1334 et
811 1226 915 1335 iucem
937 1272 1035 1335 duxit

205 1408 297 1483 Quae
313 1416 377 1472 tam
393 1411 494 1510 qnoad
508 1372 666 1485 habiturn,
692 1430 783 1490 quam
806 1410 1032 1486 oeconomiam,

205 1546 285 1607 adeo
309 1547 391 1611 inter
411 1547 606 1611 sedifferunt
622 1546 780 1625 animalia,
802 1568 838 1607 ea
853 1548 884 1609 in
898 1544 1034 1610 diffinita

205 1702 323 1763 genera
353 1684 422 1747 sunt
452 1663 552 1748 divisa.
602 1670 712 1757 Bait,
746 1684 851 1763 magni
881 1685 1035 1746 momenti

206 1839 288 1902 opus
317 1821 356 1881 de
377 1821 550 1901 Agonatir‚
589 1818 807 1917 oculatiffirnus
834 1816 976 1907 Daldorf
1000 1817 1037 1882 in'

205 1957 314 2020 lucem
334 1958 416 2020 edet.
467 1955 622 2023 Haiienns
642 1956 675 2019 in
696 1956 756 2019 hoc
779 1956 1035 2034 Nomenclatore,

207 2114 245 2156 ea
269 2094 314 2155 ita
333 2095 531 2157 denominavi
550 2094 601 2158 vel
614 2095 775 2168 denotavi,
806 2103 842 2156 nt
860 2092 902 2155 itt.
924 2091 1034 2156 Fabri·

207 2232 274 2293 c'ius
288 2230 320 2291 in
337 2230 490 2311 posterum
506 2252 542 2294 ea
556 2232 698 2311 recipiet.
730 2226 944 2309 Distinttiores
960 2250 1034 2293 vero

207 2366 324 2427 horum
346 2387 499 2448 generum
522 2336 730 2442 charaiteres,
766 2368 799 2446 in
823 2365 902 2428 libro
921 2386 995 2428 mox
1018 2387 1036 2429 a
1096 2375 1099 2380 ’

209 2498 731 2585 Daidorfio'edendo,proferentur.
753 2502 936 2584 Complures
946 2523 1031 2579 vero,

208 2658 286 2721 quas
301 2660 336 2701 re
353 2661 423 2703 vera
441 2643 583 2704 continet
598 2641 817 2721 Entomologia
832 2639 1034 2722 systematica‚
1054 2638 1058 2645 ’

208 2775 345 2856 species,
366 2776 478 2841 frustra
489 2779 521 2840 in
537 2777 779 2842 Nomenolatore
792 2822 802 2854 ,
817 2778 969 2860 quaeretis
983 2794 1035 2840 eas
1050 2811 1058 2828 ·

208 2910 346 2992 scilicet,
365 2933 443 2997 quae
461 2914 536 2978 dnm
552 2913 631 2977 haec
648 2916 733 2997 typis
751 2913 984 3012 mandarentur,
1004 2913 1035 2976 in

210 3046 320 3112 Museo
338 3020 513 3115 fabriciano
533 3071 598 3115 non
614 3051 751 3117 aderant.
792 3042 842 3113 De
857 3021 911 3111 ¹his
927 3047 1039 3127 igitur,
1080 3143 1090 3158 ἢ
