2509 3734
282 406 329 479 Vs

287 581 374 653 certe
399 585 585 650 constituere
603 606 667 650 non
690 590 810 671 potuit,
834 591 871 653 ad
891 592 980 675 quale
1001 614 1112 675 genus,

283 726 452 789 secundum
468 744 580 788 novam
598 724 827 790 diffinitionem
848 730 1038 810 pertineant,
1054 703 1112 796 nec

283 872 387 927 tamen
401 882 458 945 pro
475 861 576 924 lubitu
594 863 699 926 locum
718 863 765 926 eis
778 866 867 937 dare,
890 863 936 926 fas
959 866 1047 929 duxit
1065 832 1110 929 isl.

283 999 454 1065 Fabricius.
476 997 633 1082 'Quasque
650 1009 754 1063 tamen
767 1004 799 1064 in
817 1001 1015 1083 praefationis
1032 1000 1109 1078 fine,

260 1116 408 1202 ¹nomine
439 1135 702 1201 Cancroideorum
730 1138 913 1212 dubiorum,
951 1138 1109 1202 annotasse

278 1273 493 1339 restius'mihi
517 1272 614 1335 visum
637 1274 687 1338 est.
731 1274 893 1368 Praeterea
907 1286 941 1338 ut
966 1275 1016 1337 vel
1035 1295 1107 1338 oum

276 1410 322 1473 ill.
358 1409 532 1485 Fabricio,
563 1410 614 1472 vel
651 1429 795 1484 mecum,
841 1430 896 1471 eos
934 1412 1107 1474 communi·

276 1553 347 1610 'care
374 1550 470 1617 velint
506 1546 729 1627 Entomoiogi‚
762 1554 816 1609 aut
847 1545 952 1609 saltem
980 1567 1106 1610 accura-

275 1690 341 1747 tam
377 1685 642 1767 descriptionem,
692 1682 860 1747 secundum
899 1703 1012 1744 novam
1057 1684 1104 1746 di-

273 1820 469 1885 stinstionem
499 1841 669 1903 generum,
710 1840 788 1903 quae
828 1816 951 1882 eximiis'
978 1820 1103 1902 insuper

272 1954 500 2021 charatteribus
536 1925 722 2020 secundariis
750 1958 904 2039 gaudent,
940 1957 1099 2037 impertire

272 2094 391 2170 veiint,
415 2096 505 2157 enixe
526 2114 614 2176 rogo.
658 2092 817 2157 Novarum
837 2093 1006 2177 specierum
1024 2093 1098 2166 vim,

270 2227 303 2293 in
338 2231 386 2294 his
425 2231 577 2312 Agonatis
606 2234 777 2312 reperietis.
837 2231 899 2295 Has
937 2237 969 2290 et
1009 2229 1094 2304 alias,

267 2387 346 2451 quas
391 2366 568 2442 Fabricius,
609 2368 679 2450 post
713 2370 884 2433 editionem
919 2366 1097 2429 entomolo-

266 2503 339 2585 giae
378 2503 607 2587 systematicae,
650 2506 752 2600 denuo
783 2502 936 2587 destripfit
972 2513 1011 2565 ‘et
1040 2505 1095 2567 ali·

265 2641 409 2724 quando,
437 2640 643 2722 supplementi
663 2641 778 2716 forma,
813 2644 844 2705 in
865 2644 965 2703 lucem
987 2640 1095 2720 profe-

239 2781 329 2853 ‘ret,
358 2775 552 2862 suppeditare
573 2779 663 2852 mihi,
699 2745 730 2840 ei
757 2776 861 2853 libuit,
899 2776 998 2849 unde,
1036 2796 1094 2837 no·

263 2914 436 2977 menclator
464 2914 574 2977 multis
601 2917 692 2979 novis
723 2914 882 2998 speciebus
912 2922 1093 2994 augmenta-

261 3058 315 3112 tus
343 3052 398 3113 est.
