2509 3734
256 373 302 448 IV

321 554 415 621 Facili
438 571 561 639 quoque
584 560 733 639 negotio,
761 513 939 621 aFabricio
957 575 1019 617 non
1039 566 1088 615 r'e-

264 697 370 773 ceptur
405 687 539 796 speciei,
585 714 624 755 ex
663 696 730 758 aliis
767 693 981 776 scriptoribus,
1015 690 1090 751 huic

267 827 421 924 opusculp‘
433 828 566 893 inserere
588 830 769 913 potuiffem‚
807 828 862 893 nist
886 840 989 891 metus
1014 825 1092 887 mihi

266 962 404 1046 injettus
422 963 515 1040 esset,
538 986 578 1029 ne
595 968 711 1032 incuria
727 967 873 1052 quasdam
888 976 941 1027 aut
957 972 1094 1045 praeter-

268 1104 443 1174 mitterem,
459 1114 512 1165 aut
526 1103 634 1185 iniquo
649 1105 720 1166 loco
736 1123 895 1185 ponerem.
938 1099 1093 1164 Nimirum

271 1235 442 1313 Fabricius,
459 1237 535 1320 quae
553 1240 616 1320 ipse
635 1235 771 1322 inspexit
784 1240 918 1320 species„
931 1236 1029 1298 solum
1045 1253 1096 1307 re-

272 1375 367 1455 cepit.
411 1374 498 1448 Quae
513 1396 586 1439 vero
600 1379 637 1441 ab
655 1378 722 1446 eliis
738 1373 933 1449 austoribuS,
952 1373 985 1433 in
1000 1389 1097 1432 nova-

272 1528 343 1573 rum
371 1530 537 1595 numerum
564 1513 679 1576 relatae
706 1513 793 1587 suut,
824 1530 907 1573 novo
933 1504 1097 1588 inepisfime

273 1644 373 1716 sulum
399 1650 556 1728 praeditae
579 1649 651 1713 sunt
668 1650 807 1719 nornine.
864 1644 1098 1724 Nonnunquam

275 1781 370 1855 etium
389 1782 567 1864 perdifficile
585 1786 643 1859 est,
670 1786 709 1849 ad
732 1784 815 1868 quod
834 1803 932 1865 genus
949 1780 1100 1842 Fabriciu-

276 1938 375 1996 num,
402 1920 516 2022 inseite
539 1920 600 1987 fiut
615 1922 800 1997 referenda,'
828 1921 1025 2020 constituere,
1046 1912 1100 1976 nifi

276 2054 393 2128 infesta
407 2056 591 2141 poffideatis,
609 2080 705 2144 quum
719 2080 789 2124 raro
805 2055 1024 2136 descriptiones
1039 2050 1054 2111 s
1073 2048 1101 2110 f.

276 2188 404 2272 ficiunt,
426 2203 461 2259 ut
472 2197 511 2257 ad
525 2215 642 2278 genera
657 2198 832 2262 Fabriciana
844 2195 902 2255 rite
917 2190 1107 2273 referantur.-

280 2328 428 2396 Atirone
452 2333 579 2395 minime
597 2326 704 2397 saltem
722 2333 773 2395 hic
790 2330 876 2394 labor
896 2325 1104 2409 suscipiendus

281 2433 551 2535 eritfiittatnen
587 2468 713 2533 fortasse
746 2437 896 2533 nonnulla
930 2475 1105 2534 mutaturus

282 2622 354 2678 ero,
379 2601 402 2667 sr
415 2626 495 2669 nova
510 2606 762 2671 Nomenciaturis
776 2606 872 2671 editio
888 2625 905 2665 a
918 2624 968 2665 me
985 2618 1108 2665 curare·

262 2718 267 2726 ⁵
283 2744 343 2801 tur.
374 2740 468 2816 Quod
483 2744 636 2827 reliquum
653 2744 713 2820 est,
729 2746 772 2807 ita
786 2742 847 2805 hoc
866 2739 1044 2823 opusculum
1060 2734 1109 2796 in-

227 2883 231 2893 “
284 2857 462 2984 struendum
483 2882 629 2967 typisque
652 2880 888 2968 exprimendum
916 2875 1036 2946 curavi,
1062 2880 1108 2945 ut,

286 2985 365 3098 ‘iflie
382 2993 584 3083 ‘'Febriciano
619 2992 792 3109 spstemati
814 3034 892 3094 uon,
907 3012 1012 3077 insunt
1043 3007 1112 3089 spe-
